%! Author = Runge
%! Date = 29-12-2023

@book{goossens1993,
  author    = {Michel Goossens and Frank Mittelbach and Alexander Samarin},
  title     = {The LaTeX Companion},
  year      = {1993},
  publisher = {Addison-Wesley},
  address   = {Reading, Massachusetts}
}

@article{greenwade1993,
  author  = {George D. Greenwade},
  title   = {The {C}omprehensive {T}ex {A}rchive {N}etwork ({CTAN})},
  year    = {1993},
  journal = {TUGBoat},
  volume  = {14},
  number  = {3},
  pages   = {342--351}
}

@article{bacci2023mm,
  title         = {MM Algorithms to Estimate Parameters in Continuous-time Markov Chains},
  author        = {Giovanni Bacci and Anna Ingólfsdóttir and Kim G. Larsen and Raphaël Reynouard},
  year          = {2023},
  eprint        = {2302.08588},
  archiveprefix = {arXiv},
  primaryclass  = {cs.LG}
}

@article{reynouard2024learning,
  title  = {On learning stochastic models: from theory to practice},
  author = {Reynouard, Rapha{\"e}l and others},
  year   = {2024}
}